<?xml version="1.0" encoding="UTF-8"?><collection xmlns="http://www.loc.gov/MARC21/slim"><record><leader>00387nam--2200133-i-4500</leader><controlfield tag="001">000019759</controlfield><controlfield tag="002">20161230</controlfield><controlfield tag="005">20161230201033</controlfield><controlfield tag="008">060222s1000------------r-----000-0-eng-d</controlfield><datafield ind1=" " ind2=" " tag="080"><subfield code="a">546(048)</subfield></datafield><datafield ind1=" " ind2=" " tag="100"><subfield code="a">Fournier, Marie Therese</subfield></datafield><datafield ind1=" " ind2=" " tag="245"><subfield code="a">Preparation et etude de phases oxynitrures metalliques.resune de la these</subfield></datafield><datafield ind1=" " ind2=" " tag="260"><subfield code="a">Clermont-ferrand, Universit. 1976. 114-117 P</subfield></datafield><datafield ind1=" " ind2=" " tag="852"><subfield code="a">46336</subfield></datafield></record></collection>